@article{Vinyals14,
    author    = {Oriol Vinyals and Alexander Toshev and Samy Bengio and Dumitru Erhan},
    title     = {Show and Tell: {A} Neural Image Caption Generator},
    journal   = {CoRR},
    volume    = {abs/1411.4555},
    year      = {2014},
    url       = {http://arxiv.org/abs/1411.4555},
    timestamp = {Mon, 01 Dec 2014 14:32:13 +0100},
    biburl    = {http://dblp.uni-trier.de/rec/bib/journals/corr/VinyalsTBE14},
    bibsource = {dblp computer science bibliography, http://dblp.org}
}
